<?xml version="1.0" encoding="UTF-8"?>
  <record xmlns="http://www.loc.gov/MARC21/slim" type="Authority">
    <leader>00000nz  a2200000nc 4500</leader>
    <controlfield tag="001">118753495</controlfield>
    <controlfield tag="003">DE-101</controlfield>
    <controlfield tag="005">20220714111324.0</controlfield>
    <controlfield tag="008">880701n||azznnaabn           | aaa    |c</controlfield>
    <datafield tag="024" ind1="7" ind2=" ">
      <subfield code="a">118753495</subfield>
      <subfield code="0">http://d-nb.info/gnd/118753495</subfield>
      <subfield code="2">gnd</subfield>
    </datafield>
    <datafield tag="024" ind1="7" ind2=" ">
      <subfield code="a">n81008093</subfield>
      <subfield code="2">lccn</subfield>
    </datafield>
    <datafield tag="024" ind1="7" ind2=" ">
      <subfield code="a">78774130</subfield>
      <subfield code="2">viaf</subfield>
    </datafield>
    <datafield tag="035" ind1=" " ind2=" ">
      <subfield code="a">(DE-101)118753495</subfield>
    </datafield>
    <datafield tag="035" ind1=" " ind2=" ">
      <subfield code="a">(DE-588)118753495</subfield>
    </datafield>
    <datafield tag="035" ind1=" " ind2=" ">
      <subfield code="z">(DE-588)159592771</subfield>
    </datafield>
    <datafield tag="035" ind1=" " ind2=" ">
      <subfield code="z">(DE-588a)159592771</subfield>
      <subfield code="9">v:zg</subfield>
    </datafield>
    <datafield tag="035" ind1=" " ind2=" ">
      <subfield code="z">(DE-588)119839180</subfield>
    </datafield>
    <datafield tag="035" ind1=" " ind2=" ">
      <subfield code="z">(DE-588a)119839180</subfield>
      <subfield code="9">v:zg</subfield>
    </datafield>
    <datafield tag="035" ind1=" " ind2=" ">
      <subfield code="z">(DE-588)186670303</subfield>
    </datafield>
    <datafield tag="035" ind1=" " ind2=" ">
      <subfield code="z">(DE-588a)186670303</subfield>
      <subfield code="9">v:zg</subfield>
    </datafield>
    <datafield tag="035" ind1=" " ind2=" ">
      <subfield code="z">(DE-588)172384427</subfield>
    </datafield>
    <datafield tag="035" ind1=" " ind2=" ">
      <subfield code="z">(DE-588a)172384427</subfield>
      <subfield code="9">v:zg</subfield>
    </datafield>
    <datafield tag="035" ind1=" " ind2=" ">
      <subfield code="z">(DE-588a)118753495</subfield>
      <subfield code="9">v:zg</subfield>
    </datafield>
    <datafield tag="035" ind1=" " ind2=" ">
      <subfield code="z">(DE-588a)101987072</subfield>
    </datafield>
    <datafield tag="035" ind1=" " ind2=" ">
      <subfield code="z">(DE-588c)4105700-4</subfield>
      <subfield code="9">v:zg</subfield>
    </datafield>
    <datafield tag="040" ind1=" " ind2=" ">
      <subfield code="a">DE-101</subfield>
      <subfield code="c">DE-101</subfield>
      <subfield code="9">r:DE-101</subfield>
      <subfield code="b">ger</subfield>
      <subfield code="d">2214</subfield>
    </datafield>
    <datafield tag="042" ind1=" " ind2=" ">
      <subfield code="a">gnd1</subfield>
    </datafield>
    <datafield tag="043" ind1=" " ind2=" ">
      <subfield code="c">XA-PL</subfield>
      <subfield code="c">XA-RO</subfield>
      <subfield code="c">XA-LT</subfield>
    </datafield>
    <datafield tag="065" ind1=" " ind2=" ">
      <subfield code="a">16.5p</subfield>
      <subfield code="2">sswd</subfield>
    </datafield>
    <datafield tag="075" ind1=" " ind2=" ">
      <subfield code="b">p</subfield>
      <subfield code="2">gndgen</subfield>
    </datafield>
    <datafield tag="075" ind1=" " ind2=" ">
      <subfield code="b">pik</subfield>
      <subfield code="2">gndspec</subfield>
    </datafield>
    <datafield tag="079" ind1=" " ind2=" ">
      <subfield code="a">g</subfield>
      <subfield code="q">a</subfield>
      <subfield code="q">f</subfield>
      <subfield code="q">s</subfield>
      <subfield code="q">t</subfield>
      <subfield code="u">v</subfield>
      <subfield code="u">w</subfield>
    </datafield>
    <datafield tag="100" ind1="0" ind2=" ">
      <subfield code="a">Stefan</subfield>
      <subfield code="c">Polen, König</subfield>
      <subfield code="d">1533-1586</subfield>
    </datafield>
    <datafield tag="375" ind1=" " ind2=" ">
      <subfield code="a">1</subfield>
      <subfield code="2">iso5218</subfield>
    </datafield>
    <datafield tag="400" ind1="0" ind2=" ">
      <subfield code="a">Stephan</subfield>
      <subfield code="c">Polen, König</subfield>
      <subfield code="d">1533-1586</subfield>
    </datafield>
    <datafield tag="400" ind1="0" ind2=" ">
      <subfield code="a">Stephan</subfield>
      <subfield code="c">Polen, König, IV</subfield>
      <subfield code="d">1533-1586</subfield>
      <subfield code="9">v:M u. B 1996</subfield>
    </datafield>
    <datafield tag="400" ind1="1" ind2=" ">
      <subfield code="a">Bathori, Stephan</subfield>
      <subfield code="c">Polen, König</subfield>
      <subfield code="d">1533-1586</subfield>
    </datafield>
    <datafield tag="400" ind1="1" ind2=" ">
      <subfield code="a">Báthori, István</subfield>
      <subfield code="c">somlyói</subfield>
      <subfield code="d">1533-1586</subfield>
    </datafield>
    <datafield tag="400" ind1="0" ind2=" ">
      <subfield code="a">Stephan</subfield>
      <subfield code="b">IV.</subfield>
      <subfield code="c">Siebenbürgen, Fürst</subfield>
      <subfield code="d">1533-1586</subfield>
    </datafield>
    <datafield tag="400" ind1="0" ind2=" ">
      <subfield code="a">Stefan</subfield>
      <subfield code="b">IV.</subfield>
      <subfield code="c">Polen, König</subfield>
      <subfield code="d">1533-1586</subfield>
    </datafield>
    <datafield tag="400" ind1="1" ind2=" ">
      <subfield code="a">Batory, Stefan</subfield>
      <subfield code="d">1533-1586</subfield>
      <subfield code="9">v:Enc. pows.</subfield>
    </datafield>
    <datafield tag="400" ind1="1" ind2=" ">
      <subfield code="a">Bathori, István</subfield>
      <subfield code="d">1533-1586</subfield>
      <subfield code="9">v:Magyar Larousse</subfield>
    </datafield>
    <datafield tag="400" ind1="0" ind2=" ">
      <subfield code="a">Stephanus</subfield>
      <subfield code="c">Poloniae, Rex</subfield>
      <subfield code="d">1533-1586</subfield>
    </datafield>
    <datafield tag="400" ind1="0" ind2=" ">
      <subfield code="a">Stephanus</subfield>
      <subfield code="b">I.</subfield>
      <subfield code="c">Polonia, Rex</subfield>
      <subfield code="d">1533-1586</subfield>
    </datafield>
    <datafield tag="400" ind1="0" ind2=" ">
      <subfield code="a">Etienne</subfield>
      <subfield code="c">Pologne, Roi</subfield>
      <subfield code="d">1533-1586</subfield>
    </datafield>
    <datafield tag="400" ind1="0" ind2=" ">
      <subfield code="a">Stephen</subfield>
      <subfield code="c">Poland, King</subfield>
      <subfield code="d">1533-1586</subfield>
    </datafield>
    <datafield tag="400" ind1="0" ind2=" ">
      <subfield code="a">Stefan</subfield>
      <subfield code="c">Polska, Król</subfield>
      <subfield code="d">1533-1586</subfield>
    </datafield>
    <datafield tag="400" ind1="0" ind2=" ">
      <subfield code="a">Stefan</subfield>
      <subfield code="b">I.</subfield>
      <subfield code="c">Polska, Król</subfield>
      <subfield code="d">1533-1586</subfield>
    </datafield>
    <datafield tag="400" ind1="0" ind2=" ">
      <subfield code="a">Stephan</subfield>
      <subfield code="b">I.</subfield>
      <subfield code="c">Polska, Król</subfield>
      <subfield code="d">1533-1586</subfield>
    </datafield>
    <datafield tag="400" ind1="0" ind2=" ">
      <subfield code="a">Stefan</subfield>
      <subfield code="b">I.</subfield>
      <subfield code="c">Polen, König</subfield>
      <subfield code="d">1533-1586</subfield>
    </datafield>
    <datafield tag="400" ind1="0" ind2=" ">
      <subfield code="a">Stephanus</subfield>
      <subfield code="b">I.</subfield>
      <subfield code="c">Polen, König</subfield>
      <subfield code="d">1533-1586</subfield>
    </datafield>
    <datafield tag="400" ind1="0" ind2=" ">
      <subfield code="a">István Báthory</subfield>
      <subfield code="b">I.</subfield>
      <subfield code="c">Polska, Król</subfield>
      <subfield code="d">1533-1586</subfield>
    </datafield>
    <datafield tag="400" ind1="0" ind2=" ">
      <subfield code="a">Stefan Bárthory</subfield>
      <subfield code="b">I.</subfield>
      <subfield code="c">Polen, König</subfield>
      <subfield code="d">1533-1586</subfield>
    </datafield>
    <datafield tag="400" ind1="0" ind2=" ">
      <subfield code="a">Stefan Bárthori</subfield>
      <subfield code="b">I.</subfield>
      <subfield code="c">Polen, König</subfield>
      <subfield code="d">1533-1586</subfield>
    </datafield>
    <datafield tag="400" ind1="0" ind2=" ">
      <subfield code="a">Stephanus Barthorius</subfield>
      <subfield code="b">I.</subfield>
      <subfield code="c">Polonia, Rex</subfield>
      <subfield code="d">1533-1586</subfield>
    </datafield>
    <datafield tag="400" ind1="0" ind2=" ">
      <subfield code="a">Stephanus Barthorius</subfield>
      <subfield code="b">I.</subfield>
      <subfield code="c">Polen, König</subfield>
      <subfield code="d">1533-1586</subfield>
    </datafield>
    <datafield tag="400" ind1="1" ind2=" ">
      <subfield code="a">Stefan Polska, Król I.</subfield>
      <subfield code="d">1533-1586</subfield>
    </datafield>
    <datafield tag="400" ind1="1" ind2=" ">
      <subfield code="a">Báthory, István</subfield>
      <subfield code="d">1533-1586</subfield>
    </datafield>
    <datafield tag="400" ind1="1" ind2=" ">
      <subfield code="a">Báthory, Stephan</subfield>
      <subfield code="d">1533-1586</subfield>
    </datafield>
    <datafield tag="400" ind1="1" ind2=" ">
      <subfield code="a">Bathory, Stefan</subfield>
      <subfield code="d">1533-1586</subfield>
    </datafield>
    <datafield tag="400" ind1="0" ind2=" ">
      <subfield code="a">Stephan</subfield>
      <subfield code="c">König von Polen</subfield>
      <subfield code="d">1533-1586</subfield>
    </datafield>
    <datafield tag="400" ind1="0" ind2=" ">
      <subfield code="a">Stefan</subfield>
      <subfield code="c">Fürst von Siebenbürgen</subfield>
      <subfield code="d">1533-1586</subfield>
    </datafield>
    <datafield tag="400" ind1="0" ind2=" ">
      <subfield code="a">Stephan</subfield>
      <subfield code="c">Fürst von Siebenbürgen</subfield>
      <subfield code="d">1533-1586</subfield>
    </datafield>
    <datafield tag="400" ind1="0" ind2=" ">
      <subfield code="a">Stefan</subfield>
      <subfield code="c">Großfürst von Litauen</subfield>
      <subfield code="d">1533-1586</subfield>
    </datafield>
    <datafield tag="400" ind1="0" ind2=" ">
      <subfield code="a">Stephan</subfield>
      <subfield code="c">Großfürst von Litauen</subfield>
      <subfield code="d">1533-1586</subfield>
    </datafield>
    <datafield tag="400" ind1="0" ind2=" ">
      <subfield code="a">Stefan</subfield>
      <subfield code="c">König von Polen</subfield>
      <subfield code="d">1533-1586</subfield>
    </datafield>
    <datafield tag="400" ind1="0" ind2=" ">
      <subfield code="a">Stephan Báthory</subfield>
      <subfield code="c">König von Polen</subfield>
      <subfield code="d">1533-1586</subfield>
    </datafield>
    <datafield tag="400" ind1="0" ind2=" ">
      <subfield code="a">Stefan Batory</subfield>
      <subfield code="c">König von Polen</subfield>
      <subfield code="d">1533-1586</subfield>
    </datafield>
    <datafield tag="400" ind1="1" ind2=" ">
      <subfield code="a">Bathori, Stephanus</subfield>
      <subfield code="d">1533-1586</subfield>
    </datafield>
    <datafield tag="400" ind1="0" ind2=" ">
      <subfield code="a">Stephan Bathory</subfield>
      <subfield code="c">König von Polen</subfield>
      <subfield code="d">1533-1586</subfield>
      <subfield code="9">v:(VD-16)</subfield>
    </datafield>
    <datafield tag="400" ind1="0" ind2=" ">
      <subfield code="a">Stephanus</subfield>
      <subfield code="c">König von Polen</subfield>
      <subfield code="d">1533-1586</subfield>
    </datafield>
    <datafield tag="500" ind1="1" ind2=" ">
      <subfield code="0">(DE-101)1153616378</subfield>
      <subfield code="0">(DE-588)1153616378</subfield>
      <subfield code="0">https://d-nb.info/gnd/1153616378</subfield>
      <subfield code="a">Báthory, Kristóf</subfield>
      <subfield code="d">1530-1581</subfield>
      <subfield code="4">bezf</subfield>
      <subfield code="4">https://d-nb.info/standards/elementset/gnd#familialRelationship</subfield>
      <subfield code="w">r</subfield>
      <subfield code="i">Beziehung familiaer</subfield>
      <subfield code="e">Beziehung familiaer</subfield>
      <subfield code="9">v:Bruder</subfield>
    </datafield>
    <datafield tag="500" ind1="0" ind2=" ">
      <subfield code="0">(DE-101)119442078</subfield>
      <subfield code="0">(DE-588)119442078</subfield>
      <subfield code="0">https://d-nb.info/gnd/119442078</subfield>
      <subfield code="a">Anna</subfield>
      <subfield code="c">Polen, Königin, 1523-1596</subfield>
      <subfield code="d">1523-1596</subfield>
      <subfield code="4">bezf</subfield>
      <subfield code="4">https://d-nb.info/standards/elementset/gnd#familialRelationship</subfield>
      <subfield code="w">r</subfield>
      <subfield code="i">Beziehung familiaer</subfield>
      <subfield code="e">Beziehung familiaer</subfield>
      <subfield code="9">v:Ehefrau</subfield>
    </datafield>
    <datafield tag="548" ind1=" " ind2=" ">
      <subfield code="a">1533-1586</subfield>
      <subfield code="4">datl</subfield>
      <subfield code="4">https://d-nb.info/standards/elementset/gnd#dateOfBirthAndDeath</subfield>
      <subfield code="w">r</subfield>
      <subfield code="i">Lebensdaten</subfield>
    </datafield>
    <datafield tag="548" ind1=" " ind2=" ">
      <subfield code="a">27.09.1533-12.12.1586</subfield>
      <subfield code="4">datx</subfield>
      <subfield code="4">https://d-nb.info/standards/elementset/gnd#dateOfBirthAndDeath</subfield>
      <subfield code="w">r</subfield>
      <subfield code="i">Exakte Lebensdaten</subfield>
    </datafield>
    <datafield tag="550" ind1=" " ind2=" ">
      <subfield code="0">(DE-101)040315169</subfield>
      <subfield code="0">(DE-588)4031516-2</subfield>
      <subfield code="0">https://d-nb.info/gnd/4031516-2</subfield>
      <subfield code="a">König</subfield>
      <subfield code="4">adel</subfield>
      <subfield code="4">https://d-nb.info/standards/elementset/gnd#titleOfNobility</subfield>
      <subfield code="w">r</subfield>
      <subfield code="i">Adelstitel</subfield>
    </datafield>
    <datafield tag="551" ind1=" " ind2=" ">
      <subfield code="0">(DE-101)942900383</subfield>
      <subfield code="0">(DE-588)4357806-8</subfield>
      <subfield code="0">https://d-nb.info/gnd/4357806-8</subfield>
      <subfield code="a">Şimleul-Silvaniei</subfield>
      <subfield code="4">ortg</subfield>
      <subfield code="4">https://d-nb.info/standards/elementset/gnd#placeOfBirth</subfield>
      <subfield code="w">r</subfield>
      <subfield code="i">Geburtsort</subfield>
    </datafield>
    <datafield tag="551" ind1=" " ind2=" ">
      <subfield code="0">(DE-101)042384206</subfield>
      <subfield code="0">(DE-588)4238420-5</subfield>
      <subfield code="0">https://d-nb.info/gnd/4238420-5</subfield>
      <subfield code="a">Grodno</subfield>
      <subfield code="4">orts</subfield>
      <subfield code="4">https://d-nb.info/standards/elementset/gnd#placeOfDeath</subfield>
      <subfield code="w">r</subfield>
      <subfield code="i">Sterbeort</subfield>
    </datafield>
    <datafield tag="667" ind1=" " ind2=" ">
      <subfield code="a">12</subfield>
    </datafield>
    <datafield tag="667" ind1=" " ind2=" ">
      <subfield code="a">VD-16</subfield>
    </datafield>
    <datafield tag="667" ind1=" " ind2=" ">
      <subfield code="a">VD-17</subfield>
    </datafield>
    <datafield tag="667" ind1=" " ind2=" ">
      <subfield code="a">die Zählung in M u. B ist nicht korrekt. Woher sie rührt unklar, evtl. von einem ungar. genealog. Werk, in dem alle Báthory Istváns aufgeführt sind. Dort wird er alledings als Nr. 5 gezählt</subfield>
    </datafield>
    <datafield tag="670" ind1=" " ind2=" ">
      <subfield code="a">LCAuth</subfield>
    </datafield>
    <datafield tag="670" ind1=" " ind2=" ">
      <subfield code="a">Magyar életrajzi index</subfield>
    </datafield>
    <datafield tag="670" ind1=" " ind2=" ">
      <subfield code="a">Wikipedia</subfield>
      <subfield code="u">https://de.wikipedia.org/wiki/Stephan_B%C3%A1thory</subfield>
    </datafield>
    <datafield tag="672" ind1=" " ind2="0">
      <subfield code="a">Epistolarum Decas. - 1579</subfield>
    </datafield>
    <datafield tag="672" ind1=" " ind2="0">
      <subfield code="a">Possevino, Antonio: ANTONII POSSEVINI SOCIETATIS IESV, MOSCOVIA, ET, ALIA OPERA, DE STATV HVIVS ...  1587.  (VD16 P 4459)</subfield>
    </datafield>
    <datafield tag="672" ind1=" " ind2="0">
      <subfield code="a">Possevino, Antonio: De admirandis Hungariae aquis hypomnematium.  1595.  (VD16 P 4460)</subfield>
    </datafield>
    <datafield tag="678" ind1=" " ind2=" ">
      <subfield code="b">Poln. König aus der Familie Báthory; Großfürst von Litauen; Fürst von Siebenbürgen</subfield>
    </datafield>
    <datafield tag="913" ind1=" " ind2=" ">
      <subfield code="S">pnd</subfield>
      <subfield code="i">5</subfield>
      <subfield code="a">Stefan &lt;Polska, Król&gt;</subfield>
      <subfield code="0">(DE-588a)118753495</subfield>
    </datafield>
    <datafield tag="913" ind1=" " ind2=" ">
      <subfield code="S">pnd</subfield>
      <subfield code="i">5</subfield>
      <subfield code="a">Stephan &lt;Polen, König&gt;</subfield>
      <subfield code="0">(DE-588a)118753495</subfield>
    </datafield>
    <datafield tag="913" ind1=" " ind2=" ">
      <subfield code="S">pnd</subfield>
      <subfield code="i">5</subfield>
      <subfield code="a">Stefan &lt;Polska, Król, I.&gt;</subfield>
      <subfield code="0">(DE-588a)172384427</subfield>
    </datafield>
    <datafield tag="913" ind1=" " ind2=" ">
      <subfield code="S">pnd</subfield>
      <subfield code="i">5</subfield>
      <subfield code="a">Stefan &lt;Polska, Król&gt;</subfield>
      <subfield code="0">(DE-588a)186670303</subfield>
    </datafield>
    <datafield tag="913" ind1=" " ind2=" ">
      <subfield code="S">pnd</subfield>
      <subfield code="i">5</subfield>
      <subfield code="a">Stephan Bathory &lt;König von Polen&gt;</subfield>
      <subfield code="0">(DE-588a)119839180</subfield>
    </datafield>
    <datafield tag="913" ind1=" " ind2=" ">
      <subfield code="S">pnd</subfield>
      <subfield code="i">5</subfield>
      <subfield code="a">Stefan Batory (król polski)</subfield>
      <subfield code="0">(DE-588a)159592771</subfield>
    </datafield>
  </record>
